<?xml version="1.0" encoding="UTF-8"?><collection xmlns="http://www.loc.gov/MARC21/slim"><record><leader>00425nam--2200169-u-4500</leader><controlfield tag="001">000052338</controlfield><controlfield tag="002">20161230</controlfield><controlfield tag="005">20170108234843</controlfield><controlfield tag="008">100621s1000------------r-----000-0-rus-d</controlfield><datafield ind1=" " ind2=" " tag="040"><subfield code="a">IFIN-HH</subfield></datafield><datafield ind1=" " ind2=" " tag="041"><subfield code="a">rus</subfield></datafield><datafield ind1="1" ind2=" " tag="100"><subfield code="a">Kirhgof, G</subfield></datafield><datafield ind1="1" ind2="0" tag="245"><subfield code="a">Mehanika</subfield><subfield code="b">Lektii po matematiceskoi fizike</subfield><subfield code="c">G. Kirhgof</subfield></datafield><datafield ind1=" " ind2=" " tag="260"><subfield code="a">Moskva</subfield><subfield code="b">Academii Nauk SSSR</subfield><subfield code="c">1962</subfield></datafield><datafield ind1=" " ind2=" " tag="300"><subfield code="a">402 p</subfield></datafield><datafield ind1=" " ind2=" " tag="852"><subfield code="a">8656</subfield><subfield code="c">531</subfield></datafield><datafield ind1=" " ind2=" " tag="CAT"><subfield code="a">SYS</subfield><subfield code="c">20170108</subfield><subfield code="h">234843</subfield></datafield></record></collection>